<record><leader>00000cas a22000007a 4500</leader><controlfield tag="001">1645055</controlfield><controlfield tag="008">750921d18761930mnuwr ne      0    0eng d</controlfield><datafield ind1=" " ind2=" " tag="010"><subfield code="a">sn 85025615 </subfield></datafield><datafield ind1=" " ind2=" " tag="040"><subfield code="a">MUL</subfield><subfield code="b">eng</subfield><subfield code="c">MUL</subfield><subfield code="d">NPX</subfield><subfield code="d">MN#</subfield><subfield code="d">OCLCQ</subfield><subfield code="d">OCLCF</subfield><subfield code="d">OCLCO</subfield></datafield><datafield ind1=" " ind2=" " tag="042"><subfield code="a">msc</subfield></datafield><datafield ind1=" " ind2=" " tag="043"><subfield code="a">n-us-mn</subfield></datafield><datafield ind1=" " ind2=" " tag="052"><subfield code="a">4144</subfield><subfield code="b">W6</subfield></datafield><datafield ind1=" " ind2=" " tag="052"><subfield code="a">4143</subfield><subfield code="b">K4</subfield></datafield><datafield ind1="0" ind2="0" tag="245"><subfield code="a">Willmar Republican-gazette.</subfield></datafield><datafield ind1=" " ind2=" " tag="260"><subfield code="a">Willmar, Minn. :</subfield><subfield code="b">Gale &amp; Steere.</subfield></datafield><datafield ind1=" " ind2=" " tag="300"><subfield code="a">v.</subfield></datafield><datafield ind1=" " ind2=" " tag="310"><subfield code="a">Weekly</subfield></datafield><datafield ind1="1" ind2=" " tag="362"><subfield code="a">Began in 1876?</subfield><subfield code="z">Cf. Gregory, W. Amer. newspapers.</subfield></datafield><datafield ind1="0" ind2=" " tag="362"><subfield code="a">-v. 60, no. 13 (Apr. 24, 1930).</subfield></datafield><datafield ind1=" " ind2=" " tag="530"><subfield code="a">Available on microfilm from the Minnesota Historical Society.</subfield></datafield><datafield ind1=" " ind2=" " tag="588"><subfield code="a">Description based on: Vol. 6, no. 21 (June 15, 1876).</subfield></datafield><datafield ind1=" " ind2="0" tag="651"><subfield code="a">Willmar (Minn.)</subfield><subfield code="v">Newspapers.</subfield></datafield><datafield ind1=" " ind2="7" tag="655"><subfield code="a">Newspapers.</subfield><subfield code="2">fast</subfield><subfield code="0">(OCoLC)fst01423814</subfield></datafield><datafield ind1=" " ind2="7" tag="651"><subfield code="a">Minnesota</subfield><subfield code="z">Willmar.</subfield><subfield code="2">fast</subfield><subfield code="0">(OCoLC)fst01203392</subfield></datafield><datafield ind1=" " ind2=" " tag="752"><subfield code="a">United States</subfield><subfield code="b">Minnesota</subfield><subfield code="c">Kandiyohi</subfield><subfield code="d">Willmar.</subfield></datafield><datafield ind1="0" ind2="4" tag="780"><subfield code="t">Willmar Republican</subfield><subfield code="w">(DLC)sn 83016850</subfield></datafield><datafield ind1="0" ind2="4" tag="780"><subfield code="t">Willmar gazette (Willmar, Minn. : 1874)</subfield></datafield><datafield ind1="0" ind2="5" tag="780"><subfield code="t">Willmar weekly Argus</subfield><subfield code="w">(DLC)sn 89081013</subfield></datafield><datafield ind1="0" ind2="0" tag="785"><subfield code="t">Willmar gazette (Willmar, Minn. : 1930)</subfield><subfield code="w">(DLC)sn 89081014</subfield><subfield code="w">(OCoLC)1606045</subfield></datafield></record>